<record><leader>00000cas a22000007a 4500</leader><controlfield tag="001">11064401</controlfield><controlfield tag="008">840817d18371845vauwr ne      0    0eng d</controlfield><datafield ind1=" " ind2=" " tag="010"><subfield code="a">sn 91099193 </subfield></datafield><datafield ind1=" " ind2=" " tag="040"><subfield code="a">NMF</subfield><subfield code="b">eng</subfield><subfield code="c">NMF</subfield><subfield code="d">NLG</subfield><subfield code="d">MGN</subfield><subfield code="d">SVN</subfield><subfield code="d">CNK</subfield><subfield code="d">NVK</subfield><subfield code="d">OCL</subfield><subfield code="d">OCLCG</subfield><subfield code="d">OCLCQ</subfield><subfield code="d">OCLCF</subfield><subfield code="d">OCLCO</subfield></datafield><datafield ind1="1" ind2=" " tag="029"><subfield code="a">AU@</subfield><subfield code="b">000025878433</subfield></datafield><datafield ind1=" " ind2=" " tag="042"><subfield code="a">msc</subfield></datafield><datafield ind1=" " ind2=" " tag="043"><subfield code="a">n-us-va</subfield><subfield code="a">n-us---</subfield></datafield><datafield ind1=" " ind2="4" tag="050"><subfield code="a">BX8901</subfield><subfield code="b">.W3</subfield></datafield><datafield ind1="0" ind2="0" tag="245"><subfield code="a">Watchman of the South.</subfield></datafield><datafield ind1=" " ind2=" " tag="260"><subfield code="a">Richmond, Va. :</subfield><subfield code="b">B.R. Wren,</subfield><subfield code="c">1837-</subfield></datafield><datafield ind1=" " ind2=" " tag="300"><subfield code="a">v.</subfield></datafield><datafield ind1=" " ind2=" " tag="310"><subfield code="a">Weekly</subfield></datafield><datafield ind1="0" ind2=" " tag="362"><subfield code="a">Vol. 1, no. 1(Aug. 31, 1837)- v. 8, no. 52 (Aug. 14, 1845).</subfield></datafield><datafield ind1=" " ind2=" " tag="500"><subfield code="a">"Devoted to the promotion of practical piety, the diffusion of religious and general intelligence, and the propagation of the tenets and institutions of the Presbyterian Church."</subfield></datafield><datafield ind1=" " ind2=" " tag="500"><subfield code="a">Editor: William S. Plumer, 1837-&lt;1838&gt;.</subfield></datafield><datafield ind1=" " ind2=" " tag="500"><subfield code="a">Publisher varies: B.R. Wren, &lt;Nov. 2, 1837-1838&gt;</subfield></datafield><datafield ind1=" " ind2="0" tag="650"><subfield code="a">Presbyterian Church</subfield><subfield code="v">Newspapers.</subfield></datafield><datafield ind1=" " ind2="0" tag="650"><subfield code="a">Presbyterian Church</subfield><subfield code="z">Virginia</subfield><subfield code="v">Newspapers.</subfield></datafield><datafield ind1=" " ind2="0" tag="650"><subfield code="a">Presbyterians</subfield><subfield code="z">United States</subfield><subfield code="v">Newspapers.</subfield></datafield><datafield ind1=" " ind2="0" tag="651"><subfield code="a">Richmond (Va.)</subfield><subfield code="v">Newspapers.</subfield></datafield><datafield ind1=" " ind2="7" tag="655"><subfield code="a">Newspapers.</subfield><subfield code="2">fast</subfield><subfield code="0">(OCoLC)fst01423814</subfield></datafield><datafield ind1=" " ind2="7" tag="650"><subfield code="a">Presbyterian Church.</subfield><subfield code="2">fast</subfield><subfield code="0">(OCoLC)fst01075515</subfield></datafield><datafield ind1=" " ind2="7" tag="650"><subfield code="a">Presbyterians.</subfield><subfield code="2">fast</subfield><subfield code="0">(OCoLC)fst01075567</subfield></datafield><datafield ind1=" " ind2="7" tag="651"><subfield code="a">United States.</subfield><subfield code="2">fast</subfield><subfield code="0">(OCoLC)fst01204155</subfield></datafield><datafield ind1=" " ind2="7" tag="651"><subfield code="a">Virginia.</subfield><subfield code="2">fast</subfield><subfield code="0">(OCoLC)fst01204597</subfield></datafield><datafield ind1=" " ind2="7" tag="651"><subfield code="a">Virginia</subfield><subfield code="z">Richmond.</subfield><subfield code="2">fast</subfield><subfield code="0">(OCoLC)fst01205345</subfield></datafield><datafield ind1="1" ind2=" " tag="700"><subfield code="a">Gildersleeve, Benjamin,</subfield><subfield code="d">1791-1875.</subfield></datafield><datafield ind1=" " ind2=" " tag="752"><subfield code="a">United States</subfield><subfield code="b">Virginia</subfield><subfield code="d">Richmond.</subfield></datafield><datafield ind1="0" ind2="7" tag="785"><subfield code="t">Charleston observer</subfield><subfield code="w">(DLC)sn 84026956</subfield></datafield><datafield ind1="0" ind2="7" tag="785"><subfield code="t">Watchman and observer</subfield><subfield code="w">(DLC)sn 94059319</subfield></datafield></record>